// 我的第一篇论文
@inproceedings{zhao,
  title     = {中国智能网联汽车行业市场前景及投资机会研究报告},
  booktitle = {中国智能网联汽车行业市场前景及投资机会研究报告},
  url       = {https://www.dongchedi.com/article/7080829163804262948},
}
@inproceedings{checkoway2011comprehensive,
  title={Comprehensive experimental analyses of automotive attack surfaces},
  author={Checkoway, Stephen and McCoy, Damon and Kantor, Brian and Anderson, Danny and Shacham, Hovav and Savage, Stefan and Koscher, Karl and Czeskis, Alexei and Roesner, Franziska and Kohno, Tadayoshi},
  booktitle={20th USENIX security symposium (USENIX Security 11)},
  year={2011}
}

@article{miller2015remote,
  title={Remote exploitation of an unaltered passenger vehicle},
  author={Miller, Charlie and Valasek, Chris},
  journal={Black Hat USA},
  volume={2015},
  number={S 91},
  year={2015}
}

@inproceedings{koscher2010experimental,
  title={Experimental security analysis of a modern automobile},
  author={Koscher, Karl and Czeskis, Alexei and Roesner, Franziska and Patel, Shwetak and Kohno, Tadayoshi and Checkoway, Stephen and McCoy, Damon and Kantor, Brian and Anderson, Danny and Shacham, Hovav and others},
  booktitle={2010 IEEE symposium on security and privacy},
  pages={447--462},
  year={2010},
  organization={IEEE}
}

@article{liu2017vehicle,
  title={In-vehicle network attacks and countermeasures: Challenges and future directions},
  author={Liu, Jiajia and Zhang, Shubin and Sun, Wen and Shi, Yongpeng},
  journal={IEEE Network},
  volume={31},
  number={5},
  pages={50--58},
  year={2017},
  publisher={IEEE}
}

@incollection{deng2017security,
  title={Security and data privacy of modern automobiles},
  author={Deng, Juan and Yu, Lu and Fu, Yu and Hambolu, Oluwakemi and Brooks, Richard R},
  booktitle={Data Analytics for Intelligent Transportation Systems},
  pages={131--163},
  year={2017},
  publisher={Elsevier}
}

@article{takahashi2017automotive,
  title={Automotive attacks and countermeasures on lin-bus},
  author={Takahashi, Junko and Aragane, Yosuke and Miyazawa, Toshiyuki and Fuji, Hitoshi and Yamashita, Hirofumi and Hayakawa, Keita and Ukai, Shintarou and Hayakawa, Hiroshi},
  journal={Journal of Information Processing},
  volume={25},
  pages={220--228},
  year={2017},
  publisher={Information Processing Society of Japan}
}

@article{gu2016security,
  title={Security-aware mapping and scheduling with hardware co-processors for flexray-based distributed embedded systems},
  author={Gu, Zonghua and Han, Gang and Zeng, Haibo and Zhao, Qingling},
  journal={IEEE Transactions on parallel and distributed systems},
  volume={27},
  number={10},
  pages={3044--3057},
  year={2016},
  publisher={IEEE}
}

@inproceedings{mousa2016lightweight,
  title={Lightweight authentication protocol deployment over FlexRay},
  author={Mousa, Ahmed Refaat and NourElDeen, Pakinam and Azer, Marianne and Allam, Mahmoud},
  booktitle={Proceedings of the 10th International Conference on Informatics and Systems},
  pages={233--239},
  year={2016}
}

@article{sae2016cybersecurity,
  title={Cybersecurity Guidebook for Cyber-Physical Vehicle Systems},
  author={SAE J3061 Vehicle Cybersecurity Systems Engineering Committee and others},
  journal={SAE International},
  year={2016}
}

@article{icvsintro,
  title={我国智能网联汽车产业蓄势待发},
  author={},
  year={2022}
}
